%-----------------------------------------------------------------------------------------------------------------------
% LICENSE
%
% "biblio.bib" (C) 2025 by Jakob Harden (Graz University of Technology) is licensed under a Creative Commons Attribution 4.0 International license.
%
% License deed: https://creativecommons.org/licenses/by/4.0/
% Author email: jakob.harden@tugraz.at, jakob.harden@student.tugraz.at, office@jakobharden.at
% Author website: https://jakobharden.at/wordpress/
% Author ORCID: https://orcid.org/0000-0002-5752-1785
%
% This file is part of the PhD thesis of Jakob Harden.
%-----------------------------------------------------------------------------------------------------------------------

% supplementary GNU Octave code
@online{progcode,
	author    = {Harden, Jakob},
	title     = {Local extreme value detection for sinusoidal signals corrupted by noise - supplementary GNU Octave code},
	month     = jul,
	year      = {2025},
	url       = {https://doi.org/xxxx},
	publisher = {Graz University of Technology}
}

% supplementary LaTeX code
@online{texcode,
	author    = {Harden, Jakob},
	title     = {Local extreme value detection for sinusoidal signals corrupted by noise - supplementary LaTeX code},
	month     = jul,
	year      = {2025},
	url       = {https://doi.org/xxxx},
	publisher = {Graz University of Technology}
}

% preliminary results paper 2, videos
@online{prelimresultspaper2,
	author    = {Harden, Jakob},
	title     = {Ultrasonic pulse transmission method: Fully automated primary wave onset point detection \textendash{} preliminary results},
	month     = jul,
	year      = {2025},
	url       = {https://doi.org/10.3217/z5dcs-hf845},
	publisher = {Graz University of Technology}
}

% preliminary results paper 3, videos
@online{prelimresultspaper3,
	author    = {Harden, Jakob},
	title     = {Ultrasonic pulse transmission method: Fully automated primary and secondary wave onset point detection \textendash{} preliminary results},
	month     = jul,
	year      = {2025},
	url       = {https://doi.org/10.13140/RG.2.2.29301.90084},
	publisher = {Graz University of Technology}
}

% website, paper 2
@online{webpaper2,
	author    = {Harden, Jakob},
	title     = {Ultrasonic Pulse Transmission Method: Enhanced threshold detection method enabling fast and robust primary wave time range estimation \textendash{} Website},
	month     = jul,
	year      = {2025},
	url       = {https://jakobharden.at/wordpress/planned-publication-paper-2/}
}

% website, paper 3
@online{webpaper3,
	author    = {Harden, Jakob},
	title     = {Ultrasonic Pulse Transmission Method: A robust method to detect the onset point of shear waves using cross-correlation analysis \textendash{} Website},
	month     = jul,
	year      = {2025},
	url       = {https://jakobharden.at/wordpress/planned-publication-paper-3/}
}